[gd_scene load_steps=12 format=2]

[ext_resource path="res://personajes/personaje.gd" type="Script" id=1]
[ext_resource path="res://personajes/animaciones/climb.tres" type="Animation" id=2]
[ext_resource path="res://personajes/animaciones/idle.tres" type="Animation" id=3]
[ext_resource path="res://personajes/animaciones/jump.tres" type="Animation" id=4]
[ext_resource path="res://personajes/animaciones/roll.tres" type="Animation" id=5]
[ext_resource path="res://personajes/animaciones/run.tres" type="Animation" id=6]
[ext_resource path="res://personajes/sprites/Jump (32x32).png" type="Texture" id=7]
[ext_resource path="res://personajes/sonidos/jump.wav" type="AudioStream" id=8]
[ext_resource path="res://personajes/sonidos/explosion.wav" type="AudioStream" id=9]

[sub_resource type="CapsuleShape2D" id=1]
radius = 2.01941
height = 18.4931

[sub_resource type="RectangleShape2D" id=2]
extents = Vector2( 3.81836, 10.8923 )

[node name="personaje" type="KinematicBody2D"]
position = Vector2( -1, 0 )
script = ExtResource( 1 )

[node name="AnimationPlayer" type="AnimationPlayer" parent="."]
anims/climb = ExtResource( 2 )
anims/idle = ExtResource( 3 )
anims/jump = ExtResource( 4 )
anims/roll = ExtResource( 5 )
anims/run = ExtResource( 6 )

[node name="Sprite" type="Sprite" parent="."]
position = Vector2( 0, -3.7023 )
texture = ExtResource( 7 )

[node name="CollisionShape2D" type="CollisionShape2D" parent="."]
position = Vector2( 5.01198, 0.51405 )
shape = SubResource( 1 )

[node name="CollisionShape2D2" type="CollisionShape2D" parent="."]
position = Vector2( -3.98045, 0.476273 )
shape = SubResource( 1 )

[node name="CollisionShape2D3" type="CollisionShape2D" parent="."]
position = Vector2( 0.605293, 0.85466 )
shape = SubResource( 2 )

[node name="AudioStreamPlayer" type="AudioStreamPlayer" parent="."]
stream = ExtResource( 8 )
volume_db = -9.983

[node name="AudioStreamPlayer2" type="AudioStreamPlayer" parent="."]
stream = ExtResource( 9 )
volume_db = -7.134
